@ARTICLE{Cheng2010-ec,
  title     = "Real longitudinal data analysis for real people: building a good
               enough mixed model",
  author    = "Cheng, Jing and Edwards, Lloyd J and Maldonado-Molina, Mildred M
               and Komro, Kelli A and Muller, Keith E",
  journal   = "Statistics in medicine",
  volume    =  29,
  number    =  4,
  pages     = "504--520",
  month     =  feb,
  year      =  2010,
  doi       = "10.1002/sim.3775",
}

@ARTICLE{Morrell2000-ut,
  title     = "Lines in Random Effects Plots from the Linear {Mixed-Effects}
               Model",
  author    = "Morrell, Christopher H and Brant, Larry J",
  journal   = "The American statistician",
  publisher = "Taylor \& Francis",
  volume    =  54,
  number    =  1,
  pages     = "1--4",
  year      =  2000,
  doi       = "10.1080/00031305.2000.10474499"
}

@ARTICLE{Hui2021,
  title     = "Random effects misspecification can have severe consequences for
               random effects inference in linear mixed models",
  author    = "Hui, Francis K C and M{\"u}ller, Samuel and Welsh, Alan H",
  journal   = "International Statistical Review",
  volume    =  89,
  number    =  1,
  pages     = "186--206",
  month     =  apr,
  year      =  2021,
  doi       = "10.1111/insr.12378"
}

@ARTICLE{Schutzenmeister2012,
  title   = "Residual analysis of linear mixed models using a simulation
             approach",
  author  = "Sch{\"u}tzenmeister, Andr{\'e} and Piepho, Hans-Peter",
  journal = "Computational statistics \& data analysis",
  volume  =  56,
  number  =  6,
  pages   = "1405--1416",
  year    =  2012,
  doi     = "10.1016/j.csda.2011.11.006"
}


@ARTICLE{Schielzeth2020-gp,
  title     = "Robustness of linear mixed-effects models to violations of
               distributional assumptions",
  author    = "Schielzeth, Holger and Dingemanse, Niels J and Nakagawa,
               Shinichi and Westneat, David F and Allegue, Hassen and
               Teplitsky, C{\'e}line and R{\'e}ale, Denis and Dochtermann, Ned
               A and Garamszegi, L{\'a}szl{\'o} Zsolt and Araya-Ajoy, Yimen G",
  journal   = "Methods in ecology and evolution",
  publisher = "Wiley",
  volume    =  11,
  number    =  9,
  pages     = "1141--1152",
  month     =  sep,
  year      =  2020,
  copyright = "http://creativecommons.org/licenses/by/4.0/",
  language  = "en",
  issn      = "2041-210X",
  doi       = "10.1111/2041-210x.13434"
}

@INCOLLECTION{Snijders2008-dm,
  title     = "Diagnostic Checks for Multilevel Models",
  booktitle = "Handbook of Multilevel Analysis",
  author    = "Snijders, Tom A B and Berkhof, Johannes",
  editor    = "Leeuw, Jan de and Meijer, Erik",
  publisher = "Springer New York",
  pages     = "141--175",
  year      =  2008,
  address   = "New York, NY",
  doi       = "10.1007/978-0-387-73186-5\_3"
}

@ARTICLE{Singer2017-sd,
  title   = "Graphical Tools for Detecting Departures from Linear Mixed Model Assumptions and Some Remedial Measures",
  author  = "Singer, Julio M and Rocha, Francisco M M and Nobre, Juv{\^e}ncio S",
  journal = "International statistical review",
  volume  =  85,
  number  =  2,
  pages   = "290--324",
  month   =  aug,
  year    =  2017,
  doi     = "10.1111/insr.12178"
}

@ARTICLE{Loy2017-fo,
  title     = "Model Choice and Diagnostics for Linear {Mixed-Effects} Models
               Using Statistics on Street Corners",
  author    = "Loy, Adam and Hofmann, Heike and Cook, Dianne",
  journal   = "Journal of computational and graphical statistics",
  volume    =  26,
  number    =  3,
  pages     = "478--492",
  year      =  2017,
  doi       = "10.1080/10618600.2017.1330207"
}

@ARTICLE{Loy2014-lr,
  title   = "{HLMdiag}: A suite of diagnostics for hierarchical linear models
             in {R}",
  author  = "Loy, Adam and Hofmann, Heike and {Others}",
  journal = "Journal of statistical software",
  volume  =  56,
  number  =  5,
  pages   = "1--28",
  year    =  2014
}

@ARTICLE{Loy2015-vl,
  title     = "Are You Normal? The Problem of Confounded Residual Structures in
               Hierarchical Linear Models",
  author    = "Loy, Adam and Hofmann, Heike",
  journal   = "Journal of computational and graphical statistics",
  volume    =  24,
  number    =  4,
  pages     = "1191--1209",
  year      =  2015,
  doi       = "10.1080/10618600.2014.960084"
}



@ARTICLE{Maas2004,
author = {Maas, Cora J.M. and Hox, Joop J.},
doi = {10.1016/j.csda.2003.08.006},
issn = {01679473},
journal = {Computational Statistics and Data Analysis},
keywords = {(robust) Standard errors,Huber/White correction,Maximum likelihood,Multilevel modeling,Sandwich estimate},
number = {3},
pages = {427--440},
title = {{The influence of violations of assumptions on multilevel parameter estimates and their standard errors}},
volume = {46},
year = {2004}
}


@ARTICLE{Bates2015,
  title     = "Fitting Linear Mixed-Effects Models Using lme4",
  author    = "Bates, Douglas and Machler, Martin and Bolker, Ben and Walker, Steve",
  journal   = "Journal of Statistical Software",
  volume    =  67,
  number    =  1,
  year      =  2015,
  doi       = "10.18637/jss.v067.i01"
}


@book{Roback2021,
author = {Roback, Paul and Legler, Julie},
booktitle = {Beyond Multiple Linear Regression},
doi = {10.1201/9780429066665},
isbn = {9781439885383},
title = {{Beyond Multiple Linear Regression}},
year = {2021}
}


@book{Gelman_hill_2006, 
place={Cambridge}, 
series={Analytical Methods for Social Research}, 
title={Model checking and comparison}, 
DOI={10.1017/CBO9780511790942.030}, 
booktitle={Data Analysis Using Regression and Multilevel/Hierarchical Models}, 
publisher={Cambridge University Press}, 
author={Gelman, Andrew and Hill, Jennifer}, 
year={2006}, 
pages={513–528}, 
collection={Analytical Methods for Social Research}}


@article{bates1998computational,
  title={Computational methods for multilevel modelling},
  author={Bates, Douglas M and Pinheiro, Jos{\'e} C},
  journal={University of Wisconsin, Madison, WI},
  pages={1--29},
  year={1998}
}


@article{laird1982random,
  title={Random-effects models for longitudinal data},
  author={Laird, Nan M and Ware, James H},
  journal={Biometrics},
  pages={963--974},
  year={1982},
  publisher={JSTOR}
}


@article{santos2007residual,
  title={Residual analysis for linear mixed models},
  author={Santos, Juv{\^e}ncio and Singer, Julio},
  journal={Biometrical Journal: Journal of Mathematical Methods in Biosciences},
  volume={49},
  number={6},
  pages={863--875},
  year={2007},
  publisher={Wiley Online Library}
}


@article{haslett1998residuals,
  title={Residuals for the linear model with general covariance structure},
  author={Haslett, John and Hayes, Kevin},
  journal={Journal of the Royal Statistical Society: Series B (Statistical Methodology)},
  volume={60},
  number={1},
  pages={201-215},
  year={1998},
  publisher={Wiley Online Library}
}


@article{Rteam,
  title={R: A language and environment for statistical computing},
  author={R Core Team, 2021},
  year={2021},
  publisher={Vienna, Austria}
}


@article{loy2014hlmdiag,
  title={HLMdiag: A suite of diagnostics for hierarchical linear models in R},
  author={Loy, Adam and Hofmann, Heike},
  journal={Journal of Statistical Software},
  volume={56},
  number={1},
  pages={1--28},
  year={2014},
  doi = {10.18637/jss.v056.i05}
}


@article{becker2021,
  title={Package ‘PearsonDS’},
  author={Becker, Martin and Kl{\"o}{\ss}ner, Stefan and Becker, Maintainer Martin},
  journal={Aust. NZJ Stat},
  volume={50},
  number={2},
  pages={199--205},
  year={2021}
}


@article{shapiro1972approximate,
  title={An approximate analysis of variance test for normality},
  author={Shapiro, Samuel S and Francia, RS},
  journal={Journal of the American statistical Association},
  volume={67},
  number={337},
  pages={215--216},
  year={1972},
  publisher={Taylor \& Francis}
}


@article{breusch1979simple,
  title={A simple test for heteroscedasticity and random coefficient variation},
  author={Breusch, Trevor S and Pagan, Adrian R},
  journal={Econometrica: Journal of the econometric society},
  pages={1287--1294},
  year={1979},
  publisher={JSTOR}
}


@article{massey1951kolmogorov,
  title={The Kolmogorov-Smirnov test for goodness of fit},
  author={Massey, Jr and Frank, J},
  journal={Journal of the American statistical Association},
  volume={46},
  number={253},
  pages={68--78},
  year={1951},
  publisher={Taylor \& Francis}
}


@article{pinheiro2000linear,
  title={Linear mixed-effects models: basic concepts and examples},
  author={Pinheiro, Jos{\'e} C and Bates, Douglas M},
  journal={Mixed-effects models in S and S-Plus},
  pages={3--56},
  year={2000},
  publisher={Springer}
}


@book{bates1992statistical,
  title={Statistical models in S},
  author={Bates, DM and Chambers, JM and Hastie, TJ},
  booktitle={Computer science and statistics: proceedings of the 19th Symposium on the Interface. Wadsworth \& Brooks, California},
  year={1992}
}


@article{proust2005estimation,
  title={Estimation of linear mixed models with a mixture of distribution for the random effects},
  author={Proust, C{\'e}cile and Jacqmin-Gadda, H{\'e}l{\`e}ne},
  journal={Computer methods and programs in biomedicine},
  volume={78},
  number={2},
  pages={165--173},
  year={2005},
  publisher={Elsevier}
}


@article{koller2016robustlmm,
  title={robustlmm: an R package for robust estimation of linear mixed-effects models},
  author={Koller, Manuel},
  journal={Journal of statistical software},
  volume={75},
  number={1},
  pages={1--24},
  year={2016}
}

@article{gilmour1995average,
  title={Average information REML: an efficient algorithm for variance parameter estimation in linear mixed models},
  author={Gilmour, Arthur R and Thompson, Robin and Cullis, Brian R},
  journal={Biometrics},
  pages={1440--1450},
  year={1995},
  publisher={JSTOR}
}

@article{verbeke1996linear,
  title={A linear mixed-effects model with heterogeneity in the random-effects population},
  author={Verbeke, Geert and Lesaffre, Emmanuel},
  journal={Journal of the American Statistical Association},
  volume={91},
  number={433},
  pages={217--221},
  year={1996},
  publisher={Taylor \& Francis}
}


@article{heagerty2001misspecified,
  title={Misspecified maximum likelihood estimates and generalised linear mixed models},
  author={Heagerty, Patrick J and Kurland, Brenda F},
  journal={Biometrika},
  volume={88},
  number={4},
  pages={973--985},
  year={2001},
  publisher={Oxford University Press}
}

@book{raudenbush2002hierarchical,
  title={Hierarchical linear models: Applications and data analysis methods},
  author={Raudenbush, Stephen W and Bryk, Anthony S},
  volume={1},
  year={2002},
  publisher={sage}
}


@book{bolker2008ecological,
  title={Ecological models and data in R},
  author={Bolker, Benjamin M},
  year={2008},
  publisher={Princeton University Press}
}


@article{mcculloch1997maximum,
  title={Maximum likelihood algorithms for generalized linear mixed models},
  author={McCulloch, Charles E},
  journal={Journal of the American statistical Association},
  volume={92},
  number={437},
  pages={162--170},
  year={1997},
  publisher={Taylor \& Francis}
}


@article{dempster1977maximum,
  title={Maximum likelihood from incomplete data via the EM algorithm},
  author={Dempster, Arthur P and Laird, Nan M and Rubin, Donald B},
  journal={Journal of the Royal Statistical Society: Series B (Methodological)},
  volume={39},
  number={1},
  pages={1--22},
  year={1977},
  publisher={Wiley Online Library}
}

@inproceedings{mahalanobis1936generalized,
  title={On the generalized distance in statistics},
  author={Mahalanobis, Prasanta Chandra},
  year={1936},
  organization={National Institute of Science of India}
}


@article{mclachlan1999mahalanobis,
  title={Mahalanobis distance},
  author={McLachlan, Goeffrey J},
  journal={Resonance},
  volume={4},
  number={6},
  pages={20--26},
  year={1999},
  publisher={Springer}
}


@article{de2000mahalanobis,
  title={The mahalanobis distance},
  author={De Maesschalck, Roy and Jouan-Rimbaud, Delphine and Massart, D{\'e}sir{\'e} L},
  journal={Chemometrics and intelligent laboratory systems},
  volume={50},
  number={1},
  pages={1--18},
  year={2000},
  publisher={Elsevier}
}



@article{jiang1998asymptotic,
  title={Asymptotic properties of the empirical BLUP and BLUE in mixed linear models},
  author={Jiang, Jiming},
  journal={Statistica Sinica},
  pages={861--885},
  year={1998},
  publisher={JSTOR}
}


@article{wilk1968probability,
  title={Probability plotting methods for the analysis for the analysis of data},
  author={Wilk, Martin B and Gnanadesikan, Ram},
  journal={Biometrika},
  volume={55},
  number={1},
  pages={1--17},
  year={1968},
  publisher={Oxford University Press}
}


@article{eberly2005lange,
  title={On Lange and Ryan's plotting technique for diagnosing non-normality of random effects},
  author={Eberly, Lynn E and Thackeray, Lisa M},
  journal={Statistics \& probability letters},
  volume={75},
  number={2},
  pages={77--85},
  year={2005},
  publisher={Elsevier}
}


@article{gurka2011avoiding,
  title={Avoiding bias in mixed model inference for fixed effects},
  author={Gurka, Matthew J and Edwards, Lloyd J and Muller, Keith E},
  journal={Statistics in medicine},
  volume={30},
  number={22},
  pages={2696--2707},
  year={2011},
  publisher={Wiley Online Library}
}


@article{houseman2004cholesky,
  title={Cholesky residuals for assessing normal errors in a linear model with correlated outcomes},
  author={Houseman, E Andr{\'e}s and Ryan, Louise M and Coull, Brent A},
  journal={Journal of the American Statistical Association},
  volume={99},
  number={466},
  pages={383--394},
  year={2004},
  publisher={Taylor \& Francis}
}

@article{mcculloch2011misspecifying,
  title={Misspecifying the shape of a random effects distribution: why getting it wrong may not matter},
  author={McCulloch, Charles E and Neuhaus, John M},
  journal={Statistical science},
  volume={26},
  number={3},
  pages={388--402},
  year={2011},
  publisher={Institute of Mathematical Statistics}
}